@TechReport{ECMAScript09,
  title = 	 {{ECMAScript} Language Specification},
  institution =  {ECMA International},
  year = 	 {2009},
  key = 	 {ECMASCRIPT},
  month = 	 dec,
  type = {ECMA Standard},
  number = {ECMA-262},
  note = 	 {5\textsuperscript{th} Edition}}
